@INPROCEEDINGS{2022icrc.confE1027O,
       author = {{Oeyen}, B. and {Plaisier}, I. and {Nelles}, A. and {Glaser}, C. and {Winchen}, T.},
        title = "{Effects of firn ice models on radio neutrino simulations using a RadioPropa ray tracer}",
    booktitle = {37th International Cosmic Ray Conference. 12-23 July 2021. Berlin},
         year = 2022,
        month = mar,
          eid = {1027},
        pages = {1027},
       adsurl = {https://ui.adsabs.harvard.edu/abs/2022icrc.confE1027O},
      adsnote = {Provided by the SAO/NASA Astrophysics Data System}
}
